
@book{boa_caa_2019,
	title = {{CAA} 2019 {Kraków}. {Check} {Object} {Integrity}. {Book} of {Abstracts}},
	url = {https://2019.caaconference.org/wp-content/uploads/sites/25/2019/04/CAA2019_programabstracts_v20190423.pdf},
	author = {Institute of Archaeology of Jagiellonian University in Kraków},
	year = {2019}
}

{@book{boa_caa_2018,
	title = {Abstracts {CAA} {Tübingen} 2018},
	url = {https://2018.caaconference.org/wp-content/uploads/sites/22/2018/03/AbstractBook.pdf},
	author = {Lang, M and Hochschild, V},
	year = {2018}
}