
@book{lang_abstracts_2018,
	title = {Abstracts {CAA} {TÃ¼bingen} 2018},
	url = {https://2018.caaconference.org/wp-content/uploads/sites/22/2018/03/AbstractBook.pdf},
	author = {Lang, M and Hochschild, V},
	year = {2018}
}